@article{prob_default,
author = {Creal, Drew and Gramacy, Robert and Tsay, Ruey},
year = {2012},
month = {01},
pages = {},
title = {Market-Based Credit Ratings},
journal = {SSRN Electronic Journal},
doi = {10.2139/ssrn.2310260}
}

@article{rating_for_accounting,
author = {Delgado-Vaquero, David and Morales-Díaz, Jose},
year = {2018},
month = {05},
pages = {},
title = {Estimating a Credit Rating for Accounting Purposes: A Quantitative Approach},
volume = {36},
journal = {Estudios de Economía Aplicada},
doi = {10.25115/eea.v36i2.2539}
}

@article{rating_ML_general,
author = {Wallis, Mark and Kumar, Kuldeep and Gepp, Adrian},
year = {2019},
month = {01},
pages = {180-198},
title = {Credit Rating Forecasting Using Machine Learning Techniques},
isbn = {9781522572787},
journal = { Managerial Perspectives on Intelligent Big Data Analytics},
doi = {10.4018/978-1-5225-7277-0.ch010}
}


@article{rating_market_cap,
author = {Galil, Koresh and Hauptman, Ami and Rosenboim, Rosit},
year = {2023},
month = {10},
pages = {104648},
title = {Prediction of Corporate Credit Ratings with Machine Learning: Simple Interpretative Models},
volume = {58},
journal = {Finance Research Letters},
doi = {10.1016/j.frl.2023.104648}
}

@article{RNN_rating,
author = {Golbayani, Parisa and Florescu, Ionut and Chatterjee, Rupak},
year = {2020},
month = {07},
pages = {},
title = {A comparative study of forecasting Corporate Credit Ratings using Neural Networks, Support Vector Machines, and Decision Trees},
doi = {10.1016/j.najef.2020.101251}
}
